<?xml version="1.0" encoding="UTF-8"?><collection xmlns="http://www.loc.gov/MARC21/slim"><record><leader>00428nam--2200181-i-4500</leader><controlfield tag="001">000021789</controlfield><controlfield tag="002">20161230</controlfield><controlfield tag="005">20161230201034</controlfield><controlfield tag="008">060222s1000------------r-----000-0-eng-d</controlfield><datafield ind1=" " ind2=" " tag="040"><subfield code="a">IFIN-HH</subfield></datafield><datafield ind1=" " ind2=" " tag="080"><subfield code="a">53</subfield></datafield><datafield ind1="1" ind2=" " tag="100"><subfield code="a">Idrac, J</subfield></datafield><datafield ind1="1" ind2="0" tag="245"><subfield code="a">Mesure et instrument de mesure</subfield><subfield code="c">J. idrac</subfield></datafield><datafield ind1=" " ind2=" " tag="250"><subfield code="a">4-e Edition</subfield></datafield><datafield ind1=" " ind2=" " tag="260"><subfield code="a">Paris</subfield><subfield code="b">Dunod</subfield><subfield code="c">1967</subfield></datafield><datafield ind1=" " ind2=" " tag="300"><subfield code="a">VI+125P</subfield></datafield><datafield ind1=" " ind2=" " tag="852"><subfield code="a">15670</subfield><subfield code="c">53.08</subfield></datafield><datafield ind1=" " ind2=" " tag="CAT"><subfield code="a">Sys</subfield><subfield code="c">20151027</subfield><subfield code="h">115132</subfield></datafield></record></collection>